@online{dartMqtt,
  author = {Steve Hamblett},
  title = {mqtt\_client},
  date = {2022-01-02},
  url = {https://github.com/shamblett/mqtt_client},
  urldate = {2022-01-02},
}

@online{goCOAP,
  author = {plgd},
  title = {go-coap},
  date = {2021-12-16},
  url = {https://github.com/plgd-dev/go-coap},
  urldate = {2022-01-02},
}

@online{goMQTT,
  author = {Eclipse Foundation},
  title = {Eclipse Paho MQTT Go client},
  date = {2021-12-28},
  url = {https://github.com/eclipse/paho.mqtt.golang},
  urldate = {2022-01-02},
}
